@MISC{scalatra,
    key="scalatra",
    title={Scalatra | A tiny, Sinatra-like web framework for Scala},
   howpublished={\url   {http://www.scalatra.org/} }
}

@MISC{docker,
    key="docker",
    title={Docker - Build, Ship, and Run Any App, Anywhere},
    howpublished={\url {https://www.docker.com/} }
}

@MISC{nginx,
    key="nginx",
    title={nginx},
    howpublished={\url {https://nginx.org/en/}}
}

@MISC{react,
    key="react",
    title={A JavaScript library for building user interfaces - React},
    howpublished={\url {https://facebook.github.io/react/}}
}

@MISC{mongodb,
    key="mongodb",
    title={MongoDB Architecture | MongoDB},
    howpublished={\url {https://www.mongodb.com/mongodb-architecture}}
}

@MISC{nap,
    key="nap",
    title="NAPP Web Report",
    howpublished={\url {http://napdl.nhso.go.th/NAPPWebReport/jsp/about.jsp}}
}

@MISC{expressjs,
    key="expressjs",
    title="Express - Node.js web application framework",
    howpublished={\url {https://expressjs.com/}}
}

@MISC{scalatest,
    key="scalatest",
    title="ScalaTest",
    howpublished={\url {http://www.scalatest.org/}}
}
